101 03130001212345678902604011200A094101DEST BANK              ORIGIN CO                      
5200ACME COMPANY                         1234567890PPDPAYROLL         260401   1123456780000001
622031300012987654321        0000001000EMP001         JOHN DOE                0123456780000001
820000000100031300010000000000000000000010001234567890                         123456780000001
90000010000010000000100031300010000000000000000001000                                       
9999999999999999999999999999999999999999999999999999999999999999999999999999999999999999999999
9999999999999999999999999999999999999999999999999999999999999999999999999999999999999999999999
9999999999999999999999999999999999999999999999999999999999999999999999999999999999999999999999
9999999999999999999999999999999999999999999999999999999999999999999999999999999999999999999999
9999999999999999999999999999999999999999999999999999999999999999999999999999999999999999999999
